%YAML 1.1
%TAG !u! tag:unity3d.com,2011:
--- !u!1 &168686
GameObject:
  m_ObjectHideFlags: 0
  m_PrefabParentObject: {fileID: 0}
  m_PrefabInternal: {fileID: 100100000}
  serializedVersion: 4
  m_Component:
  - 4: {fileID: 485668}
  - 114: {fileID: 11404342}
  - 212: {fileID: 21230146}
  - 50: {fileID: 5076592}
  - 114: {fileID: 11489084}
  - 60: {fileID: 6018834}
  - 114: {fileID: 11449356}
  m_Layer: 9
  m_Name: Star
  m_TagString: Untagged
  m_Icon: {fileID: 0}
  m_NavMeshLayer: 0
  m_StaticEditorFlags: 0
  m_IsActive: 1
--- !u!1 &172940
GameObject:
  m_ObjectHideFlags: 0
  m_PrefabParentObject: {fileID: 0}
  m_PrefabInternal: {fileID: 100100000}
  serializedVersion: 4
  m_Component:
  - 4: {fileID: 483520}
  - 68: {fileID: 6802884}
  - 50: {fileID: 5002738}
  - 114: {fileID: 11450278}
  m_Layer: 12
  m_Name: Border
  m_TagString: Untagged
  m_Icon: {fileID: 0}
  m_NavMeshLayer: 0
  m_StaticEditorFlags: 0
  m_IsActive: 1
--- !u!4 &483520
Transform:
  m_ObjectHideFlags: 1
  m_PrefabParentObject: {fileID: 0}
  m_PrefabInternal: {fileID: 100100000}
  m_GameObject: {fileID: 172940}
  m_LocalRotation: {x: 0, y: 0, z: 0, w: 1}
  m_LocalPosition: {x: 3.21000099, y: -.0999999046, z: -10}
  m_LocalScale: {x: .836414814, y: .829274714, z: 1}
  m_Children: []
  m_Father: {fileID: 485668}
  m_RootOrder: 0
--- !u!4 &485668
Transform:
  m_ObjectHideFlags: 1
  m_PrefabParentObject: {fileID: 0}
  m_PrefabInternal: {fileID: 100100000}
  m_GameObject: {fileID: 168686}
  m_LocalRotation: {x: 0, y: 0, z: 0, w: 1}
  m_LocalPosition: {x: 10.3900003, y: -2.25999999, z: 0}
  m_LocalScale: {x: 1.10000002, y: 1.10000002, z: 1}
  m_Children:
  - {fileID: 483520}
  m_Father: {fileID: 0}
  m_RootOrder: 0
--- !u!50 &5002738
Rigidbody2D:
  m_ObjectHideFlags: 1
  m_PrefabParentObject: {fileID: 0}
  m_PrefabInternal: {fileID: 100100000}
  m_GameObject: {fileID: 172940}
  m_Mass: 1
  m_LinearDrag: 0
  m_AngularDrag: 0
  m_GravityScale: 0
  m_FixedAngle: 1
  m_IsKinematic: 0
  m_Interpolate: 0
  m_SleepingMode: 1
  m_CollisionDetection: 0
--- !u!50 &5076592
Rigidbody2D:
  m_ObjectHideFlags: 1
  m_PrefabParentObject: {fileID: 0}
  m_PrefabInternal: {fileID: 100100000}
  m_GameObject: {fileID: 168686}
  m_Mass: 1
  m_LinearDrag: 0
  m_AngularDrag: 0
  m_GravityScale: 0
  m_FixedAngle: 0
  m_IsKinematic: 0
  m_Interpolate: 0
  m_SleepingMode: 1
  m_CollisionDetection: 0
--- !u!60 &6018834
PolygonCollider2D:
  m_ObjectHideFlags: 1
  m_PrefabParentObject: {fileID: 0}
  m_PrefabInternal: {fileID: 100100000}
  m_GameObject: {fileID: 168686}
  m_Enabled: 1
  m_Material: {fileID: 0}
  m_IsTrigger: 1
  m_UsedByEffector: 0
  m_Offset: {x: 0, y: 0}
  m_Points:
    m_Paths:
    - - {x: -.389999986, y: -.589999974}
      - {x: -.389999986, y: -2.53999996}
      - {x: -.360000014, y: -2.55999994}
      - {x: .349999994, y: -2.55999994}
      - {x: .389999986, y: -2.5}
      - {x: .389999986, y: -.589999974}
    - - {x: -2.55999994, y: .389999986}
      - {x: -2.55999994, y: -.389999986}
      - {x: -.589999974, y: -.389999986}
      - {x: -.589999974, y: .389999986}
    - - {x: -.389999986, y: .389999986}
      - {x: -.389999986, y: -.389999986}
      - {x: .389999986, y: -.389999986}
      - {x: .389999986, y: .389999986}
    - - {x: .589999974, y: .389999986}
      - {x: .589999974, y: -.379999995}
      - {x: .639999986, y: -.389999986}
      - {x: 2.55999994, y: -.389999986}
      - {x: 2.55999994, y: .370000005}
      - {x: 2.51999998, y: .389999986}
    - - {x: -.389999986, y: 2.55999994}
      - {x: -.389999986, y: .589999974}
      - {x: .379999995, y: .589999974}
      - {x: .389999986, y: .610000014}
      - {x: .389999986, y: 2.53999996}
      - {x: .379999995, y: 2.55999994}
--- !u!68 &6802884
EdgeCollider2D:
  m_ObjectHideFlags: 1
  m_PrefabParentObject: {fileID: 0}
  m_PrefabInternal: {fileID: 100100000}
  m_GameObject: {fileID: 172940}
  m_Enabled: 1
  m_Material: {fileID: 0}
  m_IsTrigger: 1
  m_UsedByEffector: 0
  m_Offset: {x: 0, y: 0}
  m_Points:
  - {x: -.5, y: 0}
  - {x: .5, y: 0}
--- !u!114 &11404342
MonoBehaviour:
  m_ObjectHideFlags: 1
  m_PrefabParentObject: {fileID: 0}
  m_PrefabInternal: {fileID: 100100000}
  m_GameObject: {fileID: 168686}
  m_Enabled: 1
  m_EditorHideFlags: 0
  m_Script: {fileID: 11500000, guid: 04fbad096837e5f4fb7c01a5ec80d2ef, type: 3}
  m_Name: 
  m_EditorClassIdentifier: 
  minSpeed: 50
  maxSpeed: 150
  clockWiseDirection: 0
  randomDirection: 1
--- !u!114 &11449356
MonoBehaviour:
  m_ObjectHideFlags: 1
  m_PrefabParentObject: {fileID: 0}
  m_PrefabInternal: {fileID: 100100000}
  m_GameObject: {fileID: 168686}
  m_Enabled: 1
  m_EditorHideFlags: 0
  m_Script: {fileID: 11500000, guid: e219aaa05536f0f41a17fdb0a76dba52, type: 3}
  m_Name: 
  m_EditorClassIdentifier: 
--- !u!114 &11450278
MonoBehaviour:
  m_ObjectHideFlags: 1
  m_PrefabParentObject: {fileID: 0}
  m_PrefabInternal: {fileID: 100100000}
  m_GameObject: {fileID: 172940}
  m_Enabled: 1
  m_EditorHideFlags: 0
  m_Script: {fileID: 11500000, guid: b2158466e0fcd4347b7408c5cf161dfb, type: 3}
  m_Name: 
  m_EditorClassIdentifier: 
  followingEnemy: {fileID: 168686}
--- !u!114 &11489084
MonoBehaviour:
  m_ObjectHideFlags: 1
  m_PrefabParentObject: {fileID: 0}
  m_PrefabInternal: {fileID: 100100000}
  m_GameObject: {fileID: 168686}
  m_Enabled: 1
  m_EditorHideFlags: 0
  m_Script: {fileID: 11500000, guid: 9d021707289e319409a063ce82f7841c, type: 3}
  m_Name: 
  m_EditorClassIdentifier: 
  minSpeed: 80
  maxSpeed: 100
--- !u!212 &21230146
SpriteRenderer:
  m_ObjectHideFlags: 1
  m_PrefabParentObject: {fileID: 0}
  m_PrefabInternal: {fileID: 100100000}
  m_GameObject: {fileID: 168686}
  m_Enabled: 1
  m_CastShadows: 0
  m_ReceiveShadows: 0
  m_Materials:
  - {fileID: 10754, guid: 0000000000000000e000000000000000, type: 0}
  m_SubsetIndices: 
  m_StaticBatchRoot: {fileID: 0}
  m_UseLightProbes: 0
  m_ReflectionProbeUsage: 1
  m_ProbeAnchor: {fileID: 0}
  m_ScaleInLightmap: 1
  m_PreserveUVs: 0
  m_ImportantGI: 0
  m_AutoUVMaxDistance: .5
  m_AutoUVMaxAngle: 89
  m_LightmapParameters: {fileID: 0}
  m_SortingLayerID: 0
  m_SortingOrder: 0
  m_Sprite: {fileID: 21300000, guid: ce078ef751aa59c498f665ca480a6be1, type: 3}
  m_Color: {r: 1, g: 1, b: 1, a: 1}
--- !u!1001 &100100000
Prefab:
  m_ObjectHideFlags: 1
  serializedVersion: 2
  m_Modification:
    m_TransformParent: {fileID: 0}
    m_Modifications: []
    m_RemovedComponents: []
  m_ParentPrefab: {fileID: 0}
  m_RootGameObject: {fileID: 168686}
  m_IsPrefabParent: 1
